% https://bibtex.eu/types/

@misc{Wiki:electrocardiography,
  title        = {Electrocardiography},
  howpublished = {\url{https://en.wikipedia.org/w/index.php?title=Electrocardiography&oldid=1287647069}},
  year         = {2025},
  note = "{Wikipedia, The Free Encyclopedia}"
}


%%%%%%%%%%%%%%%%%%%%%%%%%%%%%%%%%%%%%%%%

@book{template,
  author    = "{First_name Last_name}",
  title     = "{Template}",
  year      = "2025",
  publisher = "{Wikipedia, The Free Encyclopedia}"
}

@misc{Wiki:template,
  author       = {{Wikipedia contributors}},
  title        = {Template},
  howpublished = {\url{URL}},
  note         = {Last edited 27 April 2025. Accessed 8 May 2025},
  year         = {2025}
}